<collection xmlns="http://www.loc.gov/MARC21/slim">
<record>
  <leader>00834nam0a22002171i 450 </leader>
  <controlfield tag="001">IT\ICCU\CNCE\026829</controlfield>
  <controlfield tag="005">20041116000000.0</controlfield>
  <datafield tag="012" ind1=" " ind2=" ">
    <subfield code="a">u-n- lela doo- vipo (3) 1595 (R)</subfield>
    <subfield code="2">fei</subfield>
  </datafield>
  <datafield tag="100" ind1=" " ind2=" ">
    <subfield code="a">19971022d1595        0itac0103    ba</subfield>
  </datafield>
  <datafield tag="101" ind1=" " ind2=" ">
    <subfield code="a">ITA</subfield>
  </datafield>
  <datafield tag="102" ind1=" " ind2=" ">
    <subfield code="a">IT</subfield>
  </datafield>
  <datafield tag="200" ind1="1" ind2=" ">
    <subfield code="a">Significato de i colori e de&apos; mazzolli. Di Fuluio Pellegrino mantouano. Di nuouo ... ristampato</subfield>
  </datafield>
  <datafield tag="210" ind1=" " ind2=" ">
    <subfield code="a">In Venetia</subfield>
    <subfield code="c">appresso Michele Bonibelli</subfield>
    <subfield code="d">1595</subfield>
  </datafield>
  <datafield tag="215" ind1=" " ind2=" ">
    <subfield code="a">\8!, 21 \1! c.</subfield>
    <subfield code="d">8ʻ</subfield>
  </datafield>
  <datafield tag="300" ind1=" " ind2=" ">
    <subfield code="a">ANNULLATA !!!!!  vedi 53393</subfield>
  </datafield>
  <datafield tag="620" ind1=" " ind2=" ">
    <subfield code="a">IT</subfield>
    <subfield code="d">Venezia</subfield>
  </datafield>
  <datafield tag="700" ind1=" " ind2="1">
    <subfield code="a">Morato,</subfield>
    <subfield code="b">Fulvio Pellegrino</subfield>
    <subfield code="3">IT\ICCU\CNCA\006651</subfield>
  </datafield>
  <datafield tag="712" ind1="0" ind2="0">
    <subfield code="a">Bonibello, Michele</subfield>
    <subfield code="3">IT\ICCU\CNCT\000041</subfield>
    <subfield code="4">650</subfield>
  </datafield>
  <datafield tag="790" ind1=" " ind2="1">
    <subfield code="a">Moretto,</subfield>
    <subfield code="b">Pellegrino</subfield>
    <subfield code="3">IT\ICCU\CNCA\016872</subfield>
    <subfield code="z">Morato, Fulvio Pellegrino</subfield>
  </datafield>
  <datafield tag="791" ind1="0" ind2="0">
    <subfield code="a">Bonibelli, Michele</subfield>
    <subfield code="3">IT\ICCU\CNCT\004741</subfield>
    <subfield code="z">Bonibello, Michele</subfield>
  </datafield>
  <datafield tag="801" ind1=" " ind2="3">
    <subfield code="a">IT</subfield>
    <subfield code="b">ICCU</subfield>
    <subfield code="c">20201114</subfield>
  </datafield>
</record>
</collection>
